<record><leader>00000cas a22000007a 4500</leader><controlfield tag="001">12089352</controlfield><controlfield tag="008">850529d18451848ohuwr ne      0    0eng d</controlfield><datafield ind1=" " ind2=" " tag="010"><subfield code="a">sn 85026202 </subfield></datafield><datafield ind1=" " ind2=" " tag="040"><subfield code="a">NPX</subfield><subfield code="b">eng</subfield><subfield code="c">NPX</subfield><subfield code="d">ONP</subfield><subfield code="d">OCLCQ</subfield></datafield><datafield ind1=" " ind2=" " tag="042"><subfield code="a">msc</subfield></datafield><datafield ind1="0" ind2="4" tag="245"><subfield code="a">The Portsmouth clipper.</subfield></datafield><datafield ind1=" " ind2=" " tag="260"><subfield code="a">Portsmouth, Ohio :</subfield><subfield code="b">Anthony Drouillard</subfield></datafield><datafield ind1=" " ind2=" " tag="300"><subfield code="a">v.</subfield></datafield><datafield ind1=" " ind2=" " tag="310"><subfield code="a">Weekly</subfield></datafield><datafield ind1="1" ind2=" " tag="362"><subfield code="a">Began with Mar. 4, 1845 issue; ceased in Mar. 1848.</subfield></datafield><datafield ind1=" " ind2=" " tag="500"><subfield code="a">Publishers: Anthony Drouillard, 1845; Drouillard &amp; Drake, &lt;1845&gt;; Drake &amp; Bratton, &lt;1847&gt;.</subfield></datafield><datafield ind1=" " ind2=" " tag="588"><subfield code="a">Description based on: Vol. 1, no. 15 (June 10, 1845).</subfield></datafield><datafield ind1=" " ind2=" " tag="752"><subfield code="a">United States</subfield><subfield code="b">Ohio</subfield><subfield code="c">Scioto</subfield><subfield code="d">Portsmouth.</subfield></datafield><datafield ind1="0" ind2="7" tag="785"><subfield code="t">Portsmouth tribune (Portsmouth, Ohio : 1839)</subfield><subfield code="w">(DLC)sn 86079030</subfield></datafield><datafield ind1="0" ind2="7" tag="785"><subfield code="t">Tribune and clipper (Portsmouth, Ohio : Weekly)</subfield><subfield code="w">(DLC)sn 91069771</subfield></datafield></record>